@misc{web,
    author			= {Arduino UNO},
    title			= {Datasheet arduino UNO},
    howpublished	= {Arduino UNO, \url{https://docs.arduino.cc/resources/datasheets/A000066-datasheet.pdf}},
    year			= {2014},
    month			= {julio},
    note			= {Accedido en enero de 2024},
    language        = {spanish},
}

@misc{web2,
    author			= {Sparkfun},
    title			= {Datasheet PCD8544},
    howpublished	= {SparkfunO, \url{https://www.sparkfun.com/datasheets/LCD/Monochrome/Nokia5110.pdf}},
    year			= {2008},
    month			= {noviembre},
    note			= {Accedido en enero de 2024},
    language        = {spanish},
}

@misc{web3,
    author			= {Sparkfun},
    title			= {Serial Peripheral Interface (SPI)},
    howpublished	= {SparkfunO, \url{https://learn.sparkfun.com/tutorials/serial-peripheral-interface-spi}},
    year			= {2018},
    month			= {mayo},
    note			= {Accedido en enero de 2024},
    language        = {spanish},
}

@misc{web4,
    author			= {MicroJpm},
    title			= {Componentes disponibles},
    howpublished	= {MicroJpm, \url{https://www.microjpm.com/}},
    year			= {2022},
    month			= {mayo},
    note			= {Accedido en enero de 2024},
    language        = {spanish},
}

@misc{web1,
    author			= {Atmel},
    title			= {ATMEGA328P Datasheet (PDF) - ATMEL Corporation},
    howpublished	= {Atmel, \url{https://pdf1.alldatasheet.com/datasheet-pdf/view/241077/ATMEL/ATMEGA328P.html}},
    year			= {2023},
    month			= {julio},
    note			= {Accedido en enero de 2024},
    language        = {spanish},
}

@misc{web5,
    author			= {Atmel},
    title			= { 8-bit AVR Microcontrollers},
    howpublished	= {Atmel, \url{https://datasheet.octopart.com/ATMEGA328P-MU-Microchip-datasheet-65729177.pdf}},
    year			= {2023},
    month			= {junio},
    note			= {Accedido en enero de 2024},
    language        = {spanish},
}


%https://github.com/adafruit/Adafruit-PCD8544-Nokia-5110-LCD-library
% 